<?xml version="1.0" encoding="UTF-8"?><collection xmlns="http://www.loc.gov/MARC21/slim"><record><leader>00427nam--2200145-i-4500</leader><controlfield tag="001">000016069</controlfield><controlfield tag="002">20161230</controlfield><controlfield tag="005">20161230201031</controlfield><controlfield tag="008">060222s1000------------r-----000-0-eng-d</controlfield><datafield ind1=" " ind2=" " tag="080"><subfield code="a">543.25:541.138</subfield></datafield><datafield ind1=" " ind2=" " tag="100"><subfield code="a">Badoz-lambling, J.,Tremillon,B.Et Charlot, G</subfield></datafield><datafield ind1=" " ind2=" " tag="245"><subfield code="a">Les reactions electrochimiques.les methodes el ectrochimique d analyse</subfield></datafield><datafield ind1=" " ind2=" " tag="260"><subfield code="a">Paris, Masson Et C-ie,1959. 395 P</subfield></datafield><datafield ind1=" " ind2=" " tag="700"><subfield code="a">Charlot, G</subfield></datafield><datafield ind1=" " ind2=" " tag="852"><subfield code="a">16353</subfield></datafield></record></collection>